@book{KnuthAOCP2,
 author = {Knuth, Donald E.},
 title = {The Art of Computer Programming, Volume 2 (3rd Ed.): Seminumerical Algorithms},
 year = {1997},
 isbn = {0-201-89684-2},
 publisher = {Addison-Wesley Longman Publishing Co., Inc.},
 address = {Boston, MA, USA},
} 

@article{Hoare1961,
 author = {Hoare, C. A. R.},
 title = {Algorithm 64: {Q}uicksort},
 journal = {Commun. ACM},
 issue_date = {July 1961},
 volume = {4},
 number = {7},
 month = jul,
 year = {1961},
 issn = {0001-0782},
 pages = {321},
 url = {http://doi.acm.org/10.1145/366622.366644},
 doi = {10.1145/366622.366644},
 acmid = {366644},
 publisher = {ACM},
 address = {New York, NY, USA},
}

@online{Graphics2D,
 author = {},
 key = {Java SE Documentation - Graphics},
 title = {Class Graphics2D},
 publisher = {Oracle},
 year = {2016},
 cited = {2016/03/09},
 note = {Java {SE} Documentation},
 url = {https://docs.oracle.com/javase/7/docs/api/java/awt/Graphics2D.html}
}

@online{PDFlib,
 author = {},
 key = {PDFlib Documentation},
 title = {Library PDFlib},
 publisher = {PDFlib},
 year = {2017},
 cited = {2017/03/29},
 note = {PDFlib Documentation},
 url = {https://www.pdflib.com/}
}

@online{FPDF,
 author = {},
 key = {FPDF Documentation},
 title = {Library FPDF},
 publisher = {FPDF},
 year = {2017},
 cited = {2017/03/29},
 note = {FPDF Documentation},
 url = {https://www.fpdf.org}
}

@article{PDFlib_Manual,
 author = {PDFlib GmbH München, Germany},
 title = {Reference Manual},
 journal = {A library for generating PDF on the fly},
 year = {1997},
 pages = {226},
 url = {https://www.uni-regensburg.de/rechenzentrum/medien/cms-support/pdflib-manual-5_02.pdf},
 publisher = {PDFlib GmbH},
 address = {Tal 40, 80331 München, Germany},
}

@online{Adobe_story,
 author = {Alicia Mathew},
 key = {Adobe Story},
 title = {Adobe Systems Incorporated Success Story},
 publisher = {Successstory.com},
 year = {2017},
 cited = {2017/03/29},
 note = {Webpage about successful stories},
 url = {https://successstory.com/companies/adobe-systems-incorporated}
}


@online{Adobe_history,
 key = {Adobe History},
 title = {A BRIEF HISTORY OF ADOBE SYSTEMS INC.},
 publisher = { Investintech.com Inc.},
 year = {2012},
 cited = {2017/03/29},
 note = {History of the company},
 url = {http://www.investintech.com/resources/articles/adobehistory/}
}


@online{Adobe_forms,
 key = {Adobe Forms},
 title = {About fillable PDF forms and determining their capabilities},
 publisher = { Adobe Systems Incorporated.},
 year = {2016},
 cited = {2017/03/29},
 note = {About fillable forms},
 url = {https://helpx.adobe.com/acrobat/kb/create-fillable-pdf-forms-acrobat.html}
}

@online{Adobe_LVD_forum,
 key = {Adobe LiveCycle Forum},
 title = {Where has LiveCycle gone?},
 year = {2010},
 cited = {2017/03/29},
 note = {User experience with LiveCycle},
 url = {https://forums.adobe.com/thread/1187815}
}

@online{Adobe_LVD,
 author = {Adobe},
 key = {Adobe product site},
 title = {Adobe Designer},
 publisher = {Adobe},
 year = {2003},
 cited = {2017/03/29},
 url = {http://www.adobe.com/products/server/adobedesigner/}
}

@online{Adobe_FormsCentral,
 author = {Adobe},
 key = {Adobe product site},
 title = {End of support for FormsCentral},
 publisher = {Adobe},
 year = {2016},
 cited = {2017/03/29},
 url = {
https://helpx.adobe.com/acrobat/kb/end-of-support-formscentral.html}
}

@book{FPDF_Book,
 author = {Marc Rochkind},
 title = {Generating PDFs with PHP and FPDF (and TCPDF)},
 year = {2013},
 publisher = {Amazon},
} 


@online{FPDI,
 key = {FPDI},
 title = {Free PDF Document Importer},
 publisher = {Setasign},
 year = {2007},
 cited = {2017/03/29},
 url = {https://www.setasign.com/products/fpdi/about/}
}


@online{mPDF,
 key = {mPDF},
 title = {mPDF Manual},
 publisher = {Ian N Back},
 year = {2015},
 cited = {2017/03/29},
 url = {https://mpdf.github.io/}
}


@online{DOMPDF,
 key = {DOMPDF},
 title = {DOMPDF Manual},
 publisher = {dompdf project},
 year = {2016},
 cited = {2017/03/29},
 url = {https://dompdf.github.io/}
}

@online{wkhtmltopdf,
 key = {wkhtmltopdf},
 title = {wkhtmltopdf site},
 publisher = {Ashish Kulkarni},
 year = {2013},
 cited = {2017/03/29},
 url = {https://wkhtmltopdf.org/}
}

@online{Snappy,
 key = {Snappy},
 title = {Snappy opensource github page},
 publisher = {KnpLabs},
 year = {2016},
 cited = {2017/03/29},
 url = {https://github.com/KnpLabs/snappy}
}

@online{TCPDF,
 key = {TCPDF},
 title = {Open Source PHP class for generating PDF documents},
 publisher = {Nicola Asuni},
 year = {2004},
 cited = {2017/03/29},
 url = {https://tcpdf.org/}
}

@online{PDF_Parser,
 key = {PDF Parser},
 title = {PHP library to parse PDF files and extract elements like text},
 publisher = {Sebastien Malot},
 year = {2014},
 cited = {2017/03/29},
 url = {http://pdfparser.org/}
}

@online{PDF_Toolkit,
 key = {Pdf Toolkit},
 title = {PDFtk the pdf toolkit},
 publisher = {PDF Labs},
 year = {2004},
 cited = {2017/03/29},
 url = {https://www.pdflabs.com/tools/pdftk-the-pdf-toolkit/}
}

@online{Parsovani,
 key = {Parsování},
 title = {Co je to parsování?},
 publisher = {Jakub Černý},
 year = {2010},
 cited = {2017/03/29},
 url = {http://kam.mff.cuni.cz/~kuba/vyuka/programovani/xaver/parsovani.html}
}


